<?xml version="1.0" encoding="UTF-8"?><collection xmlns="http://www.loc.gov/MARC21/slim"><record><leader>00450nam--2200157-i-4500</leader><controlfield tag="001">000003013</controlfield><controlfield tag="002">20161230</controlfield><controlfield tag="005">20170302003821</controlfield><controlfield tag="008">060222s1000------------r-----000-0-eng-d</controlfield><datafield ind1=" " ind2=" " tag="100"><subfield code="a">Brady, George S</subfield></datafield><datafield ind1=" " ind2=" " tag="245"><subfield code="a">Materials handbook. An encyclopedia for purchasing agents, engineers ... 8-th edition</subfield></datafield><datafield ind1=" " ind2=" " tag="260"><subfield code="a">New York</subfield><subfield code="b">Mcgraw-hill</subfield><subfield code="c">1956</subfield></datafield><datafield ind1=" " ind2=" " tag="300"><subfield code="a">X + 1022 p</subfield></datafield><datafield ind1=" " ind2=" " tag="490"><subfield code="a">Mcgraw-hill, Handbooks</subfield></datafield><datafield ind1=" " ind2=" " tag="852"><subfield code="a">62</subfield></datafield><datafield ind1=" " ind2=" " tag="CAT"><subfield code="a">SYS</subfield><subfield code="c">20170302</subfield><subfield code="h">003821</subfield></datafield></record></collection>